@inproceedings{pratt:top,
	author = "Vaughan R. Pratt",
	title = "Top Down Operator Precedence",
	organization = "Massachusetts Institute of Technology",
	booktitle = "ACM Symposium on Principles of Programming Languages",
	month = oct,
	year = 1973
}

@book{norvig:para,
	author = "Peter Norvig",
	title = "Paradigms of Artificial Intelligence Programming: Case Studies in Common Lisp",
	publisher = "Morgan Kaufmann Publishers",
	address = "San Mateo, California",
	year = 1992
}

@book{cfm:aip,
	author = "Eugene Charniak and Christopher K. Riesbeck and Drew V. McDermott",
	title = "Artificial Intelligence Programming",
	note = "Provided information on \code{lexpr}'s and \code{fexpr}'s",
	publisher = "Lawrence Erlbaum Associates, Publishers",
	address = "Hillsdale, New Jersey",
	year = 1980
}

@book{steele:cl,
	editor = "Guy L. {Steele Jr.}",
	title = "Common Lisp: the Language",
	edition = "Second",
	publisher = "Digital Press",
	address = "Bedford, Masachusetts",
	year = 1990
}

@manual{franz:man,
	title = "Franz Lisp Reference Manual",
	edition = "Opus 42",
	organization = "Franz, Inc.",
	year = 1985
}

@booklet{pratt:man,
	title = "CGOL - an Algebraic Notation For MACLISP users",
	author = "Vaughan R. Pratt",
	howpublished = "online documentation file",
	month = jan,
	year =  1977
}

@book{aho:dragon,
	title = "Compilers: Principles, Techniques, and Tools",
	author = "Alfred V. Aho and Ravi Sethi and Jeffrey D. Ullman",
	publisher = "Addison Wesley",
	year = 1986
}




@book{suss:sicp,
	title = "Structure and Interpretation of Computer Programs",
	author = "Harold Abelson and Gerald Jay Sussman and Julie Sussman",
	publisher = "The MIT Press",
	year = 1985
}


